# http://bib-it.sourceforge.net/help/fieldsAndEntryTypes.php




@misc {
  dachsbacher,
  author = {Carsten Dachsbacher},
  title = "{Visualisierung}",
  howpublished = "\url{https://cg.ivd.kit.edu/lehre/ss2019/index_2151.php}",
  year = {2019},
  note = {Lecture at Karlsruhe Institute of Technology, summer term 2019},
}

@book {
	ware,
	title = {Information visualization: perception for design},
	author = {Ware, Colin},
	year = {2019},
	publisher = {Morgan Kaufmann},
}

@article {
	betz,
	title = {Applying argumentation to structure and visualize multi-dimensional opinion spaces},
	author = {Betz, Gregor and Hamann, Michael and Mchedlidze, Tamara and von Schmettow, Sophie},
	journal = {Argument \& Computation},
	volume = {10},
	number = {1},
	pages = {23--40},
	year = {2019},
	publisher = {IOS Press},
}


% Area Universality

@article {
	thomassen,
	title = {Plane Cubic Graphs with Prescribed Face Areas},
	volume = {1},
	doi = {10.1017/S0963548300000407},
	number = {4},
	journal = {Combinatorics, Probability and Computing},
	publisher = {Cambridge University Press},
	author = {Thomassen, Carsten},
	year = {1992},
	pages = {371–381},
}
@phdthesis {
	areauniversality,
	author = {Kleist, Linda},
	title = {Planar graphs and face areas: Area-Universality},
	school = {Technische Universität Berlin},
	year = {2019},
	type = {Doctoral Thesis},
	address = {Berlin},
	doi = {10.14279/depositonce-7674},
	url = {http://dx.doi.org/10.14279/depositonce-7674},
}
@misc {
	quadrangulations,
	title = {On area-universal quadrangulations},
	author = {Evans, William and Felsner, Stefan and Kleist, Linda and Kobourov, SG},
	year = {2018},
	publisher = {preparation},
}
@inproceedings {
	kleistplanar,
	title = {Drawing planar graphs with prescribed face areas},
	author = {Kleist, Linda},
	booktitle = {International Workshop on Graph-Theoretic Concepts in Computer Science},
	pages = {158--170},
	year = {2016},
	organization = {Springer},
}
@article {
	kleistplanar2,
	title = {Drawing planar graphs with prescribed face areas},
	author = {Kleist, Linda},
	journal = {Journal of Computational Geometry},
	volume = {9},
	number = {1},
	pages = {290--311},
	year = {2018},
}
@article {
	biedltrees,
	title = {Drawing planar 3-trees with given face areas},
	author = {Biedl, Therese and Vel{\'a}zquez, Lesvia Elena Ruiz},
	journal = {Computational Geometry},
	volume = {46},
	number = {3},
	pages = {276--285},
	year = {2013},
	publisher = {Elsevier},
}
@inproceedings {
	biedltrees2,
	title = {Drawing planar 3-trees with given face-areas},
	author = {Biedl, Therese and Vel{\'a}zquez, Lesvia Elena Ruiz},
	booktitle = {International Symposium on Graph Drawing},
	pages = {316--322},
	year = {2009},
	organization = {Springer},
}
@inproceedings {
	completenessanduniversality,
	title = {$$$\backslash$forall$\backslash$exists$\backslash$mathbb $\{$R$\}$ $$-Completeness and Area-Universality},
	author = {Dobbins, Michael Gene and Kleist, Linda and Miltzow, Tillmann and Rz{\k{a}}{\.z}ewski, Pawe{\l}},
	booktitle = {International Workshop on Graph-Theoretic Concepts in Computer Science},
	pages = {164--175},
	year = {2018},
	organization = {Springer},
}


% Maps & Cartograms

@article {
	cartograms-optimal-complexity,
	title = {Computing cartograms with optimal complexity},
	author = {Alam, Md Jawaherul and Biedl, Therese and Felsner, Stefan and Kaufmann, Michael and Kobourov, Stephen G and Ueckerdt, Torsten},
	journal = {Discrete \& Computational Geometry},
	volume = {50},
	number = {3},
	pages = {784--810},
	year = {2013},
	publisher = {Springer},
}

@article {
	dynamicmaps,
	title = {Visualizing dynamic data with maps},
	author = {Mashima, Daisuke and Kobourov, Stephen and Hu, Yifan},
	journal = {IEEE Transactions on Visualization and Computer Graphics},
	volume = {18},
	number = {9},
	pages = {1424--1437},
	year = {2011},
	publisher = {IEEE},
}
@article {
	cartogram-history,
	title = {Thirty five years of computer cartograms},
	author = {Tobler, Waldo},
	journal = {ANNALS of the Association of American Geographers},
	volume = {94},
	number = {1},
	pages = {58--73},
	year = {2004},
	publisher = {Taylor \& Francis},
}
@inproceedings {
	cartogram-state-of-the-art,
	title = {The state of the art in cartograms},
	author = {Nusrat, Sabrina and Kobourov, Stephen},
	booktitle = {Computer Graphics Forum},
	volume = {35},
	number = {3},
	pages = {619--642},
	year = {2016},
	organization = {Wiley Online Library},
}
@inproceedings {
	cartogram-quantitive-measures,
	title = {Quantitative measures for cartogram generation techniques},
	author = {Alam, Md Jawaherul and Kobourov, Stephen G and Veeramoni, Sankar},
	booktitle = {Computer Graphics Forum},
	volume = {34},
	number = {3},
	pages = {351--360},
	year = {2015},
	organization = {Wiley Online Library},
}
@inproceedings {
	cartograms-rectilinear,
	title = {On rectilinear duals for vertex-weighted plane graphs},
	author = {De Berg, Mark and Mumford, Elena and Speckmann, Bettina},
	booktitle = {International Symposium on Graph Drawing},
	pages = {61--72},
	year = {2005},
	organization = {Springer},
}
%@article {
%	alam2013linear,
%	title = {Linear-time algorithms for hole-free rectilinear proportional contact graph representations},
%	author = {Alam, M Jawaherul and Biedl, Therese and Felsner, Stefan and Gerasch, Andreas and Kaufmann, Michael and Kobourov, Stephen G},
%	journal = {Algorithmica},
%	volume = {67},
%	number = {1},
%	pages = {3--22},
%	year = {2013},
%	publisher = {Springer},
%}
@inproceedings {
	gmap,
	title = {GMap: Visualizing graphs and clusters as maps},
	author = {Gansner, Emden R and Hu, Yifan and Kobourov, Stephen},
	booktitle = {2010 IEEE Pacific Visualization Symposium (PacificVis)},
	pages = {201--208},
	year = {2010},
	organization = {IEEE},
}
@inproceedings {
	cartograms-airpressure,
	title = {Exploiting air-pressure to map floorplans on point sets},
	author = {Felsner, Stefan},
	booktitle = {International Symposium on Graph Drawing},
	pages = {196--207},
	year = {2013},
	organization = {Springer},
}
@article {
	cartograms-effectiveness,
	title = {Evaluating cartogram effectiveness},
	author = {Nusrat, Sabrina and Alam, Md Jawaherul and Kobourov, Stephen},
	journal = {IEEE Transactions on Visualization and Computer Graphics},
	volume = {24},
	number = {2},
	pages = {1077--1090},
	year = {2018},
	publisher = {IEEE},
}
@article {
	cartograms-diffusion,
	title = {Diffusion-based method for producing density-equalizing maps},
	author = {Gastner, Michael T and Newman, Mark EJ},
	journal = {Proceedings of the National Academy of Sciences},
	volume = {101},
	number = {20},
	pages = {7499--7504},
	year = {2004},
	publisher = {National Acad Sciences},
}
@inproceedings {
	cartograms-circulararcs,
	title = {Circular-arc cartograms},
	author = {K{\"a}mper, Jan-Hinrich and Kobourov, Stephen G and N{\"o}llenburg, Martin},
	booktitle = {2013 IEEE Pacific Visualization Symposium (PacificVis)},
	pages = {1--8},
	year = {2013},
	organization = {IEEE},
}
@inproceedings {
	cartograms-airpressure2,
	title = {Air-pressure-model-based fast algorithms for general floorplan},
	author = {Izumi, Tomonori and Takahashi, Atsushi and Kajitani, Yoji},
	booktitle = {Proceedings of 1998 Asia and South Pacific Design Automation Conference},
	pages = {563--570},
	year = {1998},
	organization = {IEEE},
}


@inproceedings { 
	chen2005estimating,
	title = {Estimating complexity of 2D shapes},
	author = {Chen, Yinpeng and Sundaram, Hari},
	booktitle = {2005 IEEE 7th Workshop on Multimedia Signal Processing},
	pages = {1--4},
	year = {2005},
	organization = {IEEE},
}
@inproceedings { 
	de2010better,
	title = {Better bounds on the union complexity of locally fat objects},
	author = {de Berg, Mark},
	booktitle = {Proceedings of the twenty-sixth annual symposium on Computational geometry},
	pages = {39--47},
	year = {2010},
}
@article {
	aronov2014improved,
	title = {Improved bounds for the union of locally fat objects in the plane},
	author = {Aronov, Boris and De Berg, Mark and Ezra, Esther and Sharir, Micha},
	journal = {SIAM Journal on Computing},
	volume = {43},
	number = {2},
	pages = {543--572},
	year = {2014},
	publisher = {SIAM},
}
@article {
	aloupis2008guarding,
	title = {Guarding fat polygons and triangulating guarded polygons},
	author = {Aloupis, Greg and Bose, Prosenjit and Dujmovic, Vida and Gray, Chris and Langerman, Stefan and Speckmann, Bettina},
	journal = {September (preprint, 2007)},
	year = {2008},
	publisher = {Citeseer},
}
@inproceedings {
	brinkhoff1995measuring,
	title = {Measuring the Complexity of Polygonal Objects.},
	author = {Brinkhoff, Thomas and Kriegel, Hans-Peter and Schneider, Ralf and Braun, Alexander},
	booktitle = {ACM-GIS},
	pages = {109},
	year = {1995},
	organization = {Citeseer},
}


@inproceedings {
	bertault1999force,
	title = {A force-directed algorithm that preserves edge crossing properties},
	author = {Bertault, Fran{\c{c}}ois},
	booktitle = {International Symposium on Graph Drawing},
	pages = {351--358},
	year = {1999},
	organization = {Springer},
}
@inproceedings {
	simonetto2011impred,
	title = {ImPrEd: An Improved Force-Directed Algorithm that Prevents Nodes from Crossing Edges},
	author = {Simonetto, Paolo and Archambault, Daniel and Auber, David and Bourqui, Romain},
	booktitle = {Computer Graphics Forum},
	volume = {30},
	number = {3},
	pages = {1071--1080},
	year = {2011},
	organization = {Wiley Online Library},
}
@inproceedings {
	chernobelskiy2011force,
	title = {Force-directed Lombardi-style graph drawing},
	author = {Chernobelskiy, Roman and Cunningham, Kathryn I and Goodrich, Michael T and Kobourov, Stephen G and Trott, Lowell},
	booktitle = {International Symposium on Graph Drawing},
	pages = {320--331},
	year = {2011},
	organization = {Springer},
}


@article {
	auber2013gospermap,
	title = {Gospermap: Using a gosper curve for laying out hierarchical data},
	author = {Auber, David and Huet, Charles and Lambert, Antoine and Renoust, Benjamin and Sallaberry, Arnaud and Saulnier, Agnes},
	journal = {IEEE Transactions on Visualization and Computer Graphics},
	volume = {19},
	number = {11},
	pages = {1820--1832},
	year = {2013},
	publisher = {IEEE},
}
@inproceedings {
	nollenburg2012edge,
	title = {Edge-weighted contact representations of planar graphs},
	author = {N{\"o}llenburg, Martin and Prutkin, Roman and Rutter, Ignaz},
	booktitle = {International Symposium on Graph Drawing},
	pages = {224--235},
	year = {2012},
	organization = {Springer},
}
@inproceedings {
	klemz2015recognizing,
	title = {Recognizing weighted disk contact graphs},
	author = {Klemz, Boris and N{\"o}llenburg, Martin and Prutkin, Roman},
	booktitle = {International Symposium on Graph Drawing},
	pages = {433--446},
	year = {2015},
	organization = {Springer},
}
